<record><leader>00000cas a2200000 a 4500</leader><controlfield tag="001">11808005</controlfield><controlfield tag="008">850315c19799999ksuwr ne      0   a0eng d</controlfield><datafield ind1=" " ind2=" " tag="010"><subfield code="a">sn 85031038 </subfield></datafield><datafield ind1=" " ind2=" " tag="040"><subfield code="a">KSH</subfield><subfield code="b">eng</subfield><subfield code="c">KSH</subfield><subfield code="d">NPT</subfield><subfield code="d">OCL</subfield><subfield code="d">OCLCQ</subfield></datafield><datafield ind1=" " ind2=" " tag="042"><subfield code="a">msc</subfield></datafield><datafield ind1="0" ind2="0" tag="245"><subfield code="a">Gazette bulletin.</subfield></datafield><datafield ind1=" " ind2=" " tag="260"><subfield code="a">Peabody, Kan. :</subfield><subfield code="b">William V. &amp; Shirley B. Krause,</subfield><subfield code="c">1979-</subfield></datafield><datafield ind1=" " ind2=" " tag="300"><subfield code="a">v. ;</subfield><subfield code="c">57 cm.</subfield></datafield><datafield ind1=" " ind2=" " tag="310"><subfield code="a">Weekly</subfield></datafield><datafield ind1="0" ind2=" " tag="362"><subfield code="a">Vol. 1, no. 1 (June 7, 1979)-</subfield></datafield><datafield ind1=" " ind2=" " tag="580"><subfield code="a">Formed by the union of: Burns news, Peabody gazette-herald, and: Florence bulletin (Florence, Kan. : 1904).</subfield></datafield><datafield ind1=" " ind2=" " tag="752"><subfield code="a">United States</subfield><subfield code="b">Kansas</subfield><subfield code="c">Marion</subfield><subfield code="d">Peabody.</subfield></datafield><datafield ind1="1" ind2="4" tag="780"><subfield code="t">Burns news</subfield><subfield code="w">(DLC)sn 85030981</subfield></datafield><datafield ind1="1" ind2="4" tag="780"><subfield code="t">Peabody gazette-herald</subfield><subfield code="w">(DLC)sn 85031037</subfield></datafield><datafield ind1="1" ind2="4" tag="780"><subfield code="t">Florence bulletin (Florence, Kan. : 1904)</subfield><subfield code="w">(DLC)sn 85030990</subfield></datafield></record>